@article{vauquelin2010,
  author = {Georges Vauquelin},
  title = {Rebinding: or why drugs may act longer in vivo than expected from their in vitro target residence time},
  journal = {Expert Opinion on Drug Discovery},
  volume = {5},
  number = {10},
  pages = {927-941},
  year = {2010}
}

@article{djur2016,
    author  = {Djurdjevac Conrad, Natasa and Weber, Marcus and Sch{\"u}tte, Christof},
    title   = {Finding dominant structures of nonreversible Markov processes},
    journal = {Multiscale Modeling \& Simulation},
    volume  = {14},
	number  = {4},
    year    = {2016},
    pages   = {1319--1340},
	publisher={SIAM}
 }
 
@article{weber2014,
  title={Computing the minimal rebinding effect included in a given kinetics},
  author={Weber, Marcus and Fackeldey, Konstantin},
  journal={Multiscale Modeling \& Simulation},
  volume={12},
  number={1},
  pages={318--334},
  year={2014},
  publisher={SIAM}
}

@article{weber2012, 
  title = "Quantifying the rebinding effect in multivalent chemical ligand-receptor systems",
  author = "Weber, Marcus and Bujotzek, Alexander and Haag, Rainer",
  journal = "The Journal of Chemical Physics",
  volume = "137",
  number = "5", 
  year = "2012",
  pages = ""
}

@article{weber2011subspace,
  title={A subspace approach to molecular Markov state models via a new infinitesimal generator},
  author={Weber, Marcus},
  journal={Habilitation thesis, Freie Universit{\"a}t Berlin},
  year={2011}
}

@article{weber2006meshless,
  title={Meshless methods in conformation dynamics},
  author={Weber, Marcus},
  year={2006},
  journal={Ph.D. thesis, Freie Universit{\"a}t Berlin},
  publisher={Verlag Dr. Hut M{\"u}nchen}
}

@book{schutte2013metastability,
  title={Metastability and Markov State Models in Molecular Dynamics: Modeling, Analysis, Algorithmic Approaches},
  author={Sch{\"u}tte, Christof and Sarich, Marco},
  series={Courant Lecture Notes},
  volume={24},
  year={2013},
  publisher={American Mathematical Soc.}
}

@article{nielsen2015transfer,
  title={Computation Schemes for Transfer Operators},
  author={Nielsen, Adam},
  year={2015},
  journal={Ph.D. thesis, Freie Universit{\"a}t Berlin}
}

@article{huisinga2001metastability,
  title={Metastability of Markovian systems},
  author={Huisinga, Wilhelm},
  year={2001},
  journal={Ph.D. thesis, Freie Universit{\"a}t Berlin}
}
 
@book{kalpazidou2007,
  title={Cycle representations of Markov processes},
  author={Kalpazidou, Sophia L},
  volume={28},
  year={2007},
  publisher={Springer Science \& Business Media}
}

@book{meyn1993,
  title={Markov Chains and Stochastic Stability},
  author={Meyn, Sean P. and Tweedie, Richard L.},
  year={1993},
  publisher={Communications and Control Engineering Series. Springer}
}

@book{kato1995,
  title={Perturbation Theory for Linear Operators},
  author={Kato, Tosio},
  year={1995},
  publisher={Classics in Mathematics. Springer}
}

@book{mcquarrie2000,
  title={Statistical Mechanics},
  author={McQuarrie, Donald A.},
  year={2000},
  publisher={University Science Books, California}
}

@book{golub1996,
  title={Matrix Computations},
  author={Golub, Gene H. and van Loan, Charles F.},
  year={1996},
  publisher={The John Hopkins University Press, Baltimore and London}
}

@book{stromgaard2002,
  title={Textbook of Drug Design and Discovery},
  author={Str{\o}mgaard, Kristian and Krogsgaard-Larsen, Povl and Madsen, Ulf},
  year={2002},
  publisher={CRC Press}
}

@article{deuflhard2005robust, 
  title = "Robust Perron Cluster Analysis in Conformation Dynamics",
  author = "Deuflhard, Peter and Weber, Marcus",
  journal={Linear algebra and its applications},
  volume={398},
  pages={161--184},
  year={2005},
  publisher={Elsevier}
}

@article{schutte1999direct,
  title={A direct approach to conformational dynamics based on hybrid Monte Carlo},
  author={Sch{\"u}tte, Christof and Fischer, Alexander and Huisinga, Wilhelm and Deuflhard, Peter},
  journal={Journal of Computational Physics},
  volume={151},
  number={1},
  pages={146--168},
  year={1999},
  publisher={Elsevier}
}

@article{deuflhard2000identification,
  title={Identification of almost invariant aggregates in reversible nearly uncoupled Markov chains},
  author={Deuflhard, Peter and Huisinga, Wilhelm and Fischer, Alexander and Sch{\"u}tte, Ch},
  journal={Linear Algebra and its Applications},
  volume={315},
  number={1-3},
  pages={39--59},
  year={2000},
  publisher={Elsevier}
}

@article{roblitz2013fuzzy,
  title={Fuzzy spectral clustering by {PCCA}+: application to Markov state models and data classification},
  author={R{\"o}blitz, Susanna and Weber, Marcus},
  journal={Advances in Data Analysis and Classification},
  volume={7},
  number={2},
  pages={147--179},
  year={2013},
  publisher={Springer}
}

@phdthesis{sarich2011projected,
  title={Projected transfer operators},
  author={Sarich, Marco},
  year={2011},
  school={Freie Universit{\"a}t Berlin}
}

@article{tollenaere1996,
  title={The role of structure-based ligand design and molecular modelling in drug discovery},
  author={Tollenaere, JP},
  journal={Pharmacy World and Science},
  volume={18},
  number={2},
  pages={56--62},
  year={1996},
  publisher={Springer}
}

@incollection{da2014application,
  title={Application of Markov State Models to simulate long timescale dynamics of biological macromolecules},
  author={Da, Lin-Tai and Sheong, Fu Kit and Silva, Daniel-Adriano and Huang, Xuhui},
  booktitle={Protein Conformational Dynamics},
  pages={29--66},
  year={2014},
  publisher={Springer}
}

@article{sarich2013markov,
  title={Markov state models for rare events in molecular dynamics},
  author={Sarich, Marco and Banisch, Ralf and Hartmann, Carsten and Sch{\"u}tte, Christof},
  journal={Entropy},
  volume={16},
  number={1},
  pages={258--286},
  year={2013},
  publisher={Multidisciplinary Digital Publishing Institute}
}

@book{bogachev2007measure,
  title={Measure theory},
  author={Bogachev, Vladimir I},
  volume={1},
  year={2007},
  publisher={Springer Science \& Business Media}
}

@article{knill1994probability,
  title={Probability and stochastic processes with applications},
  author={Knill, Oliver},
  journal={Havard Web-Based},
  year={1994}
}

@book{oksendal2003stochastic,
  title={Stochastic differential equations},
  author={{\O}ksendal, Bernt},
  year={2003},
  publisher={Springer}
}

@book{stewart1990matrix,
  title={Matrix Perturbation Theory},
  author={Stewart, Gilbert W and Sun, Ji-Guang},
  year={1990},
  publisher={Computer Science and Scientific Computing. Academic Press Boston}
}

@phdthesis{roblitz2009statistical,
  title={Statistical error estimation and grid-free hierarchical refinement in conformation dynamics},
  author={R{\"o}blitz, Susanna},
  year={2009},
  school={Freie Universit{\"a}t Berlin}
}

@article{brandts2002matlab,
  title={Matlab code for sorting real Schur forms},
  author={Brandts, Jan H},
  journal={Numerical linear algebra with applications},
  volume={9},
  number={3},
  pages={249--261},
  year={2002},
  publisher={Wiley Online Library}
}

@article{fackeldey2017gen,
  title={Gen{PCCA} -- Markov State Models for Non-Equilibrium Steady States},
  author={Fackeldey, Konstantin and Weber, Marcus},
  journal={WIAS Report},
  volume={29},
  pages={70--80},
  year={2017}
}

@book{kelly2011,
 author = {Kelly, F. P.},
 title = {Reversibility and Stochastic Networks},
 year = {1979},
 publisher = {Wiley}
} 

@incollection{schutte2001transfer,
  title={Transfer operator approach to conformational dynamics in biomolecular systems},
  author={Sch{\"u}tte, Ch and Huisinga, Wilhelm and Deuflhard, Peter},
  booktitle={Ergodic theory, analysis, and efficient simulation of dynamical systems},
  pages={191--223},
  year={2001},
  publisher={Springer}
}

@book{werner2006funktionalanalysis,
  title={Funktionalanalysis},
  author={Werner, Dirk},
  year={2006},
  publisher={Springer}
}

@inproceedings{shaw2014anton,
  title={Anton 2: raising the bar for performance and programmability in a special-purpose molecular dynamics supercomputer},
  author={Shaw, David E and Grossman, JP and Bank, Joseph A and Batson, Brannon and Butts, J Adam and Chao, Jack C and Deneroff, Martin M and Dror, Ron O and Even, Amos and Fenton, Christopher H and others},
  booktitle={Proceedings of the international conference for high performance computing, networking, storage and analysis},
  pages={41--53},
  year={2014},
  organization={IEEE Press}
}

@inproceedings{shaw2009millisecond,
  title={Millisecond-scale molecular dynamics simulations on Anton},
  author={Shaw, David E and Dror, Ron O and Salmon, John K and Grossman, JP and Mackenzie, Kenneth M and Bank, Joseph A and Young, Cliff and Deneroff, Martin M and Batson, Brannon and Bowers, Kevin J and others},
  booktitle={High performance computing networking, storage and analysis, proceedings of the conference on},
  pages={1--11},
  year={2009},
  organization={IEEE}
}

@article{chodera2014markov,
  title={Markov state models of biomolecular conformational dynamics},
  author={Chodera, John D and No{\'e}, Frank},
  journal={Current opinion in structural biology},
  volume={25},
  pages={135--144},
  year={2014},
  publisher={Elsevier}
}

@book{bowman2013introduction,
  title={An introduction to Markov state models and their application to long timescale molecular simulation},
  author={Bowman, Gregory R and Pande, Vijay S and No{\'e}, Frank},
  volume={797},
  year={2013},
  publisher={Springer Science \& Business Media}
}

@article{prinz2011markov,
  title={Markov models of molecular kinetics: Generation and validation},
  author={Prinz, Jan-Hendrik and Wu, Hao and Sarich, Marco and Keller, Bettina and Senne, Martin and Held, Martin and Chodera, John D and Sch{\"u}tte, Christof and No{\'e}, Frank},
  journal={The Journal of chemical physics},
  volume={134},
  number={17},
  pages={174105},
  year={2011},
  publisher={AIP}
}

@book{brown2015silico,
  title={In Silico Medicinal Chemistry: Computational Methods to Support Drug Design},
  author={Brown, Nathan},
  series={Theoretical and Computational Chemistry Series},
  number={8},
  year={2015},
  publisher={Royal Society of Chemistry}
}

@article{care2011impact,
  title={Impact of receptor clustering on ligand binding},
  author={Car{\'e}, Bertrand R and Soula, H{\'e}di A},
  journal={BMC Systems Biology},
  volume={5},
  number={1},
  pages={48},
  year={2011},
  publisher={BioMed Central}
}

@article{goldstein1995approximating,
  title={Approximating the effects of diffusion on reversible reactions at the cell surface: ligand-receptor kinetics.},
  author={Goldstein, Byron and Dembo, Micah},
  journal={Biophysical Journal},
  volume={68},
  number={4},
  pages={1222},
  year={1995},
  publisher={The Biophysical Society}
}

@article{dellnitz1999approximation,
  title={On the approximation of complicated dynamical behavior},
  author={Dellnitz, Michael and Junge, Oliver},
  journal={SIAM Journal on Numerical Analysis},
  volume={36},
  number={2},
  pages={491--515},
  year={1999},
  publisher={SIAM}
}

@article{schutte1998conformational,
  title={Conformational Dynamics: Modelling, Theory, Algorithm, and Application to Biomolecules},
  author={Sch{\"u}tte, Christof},
  journal={Habilitation thesis, Freie Universit{\"a}t Berlin},
  year={1998}
}

@incollection{huisinga2006metastability,
  title={Metastability and dominant eigenvalues of transfer operators},
  author={Huisinga, Wilhelm and Schmidt, Bernd},
  booktitle={New Algorithms for Macromolecular Simulation},
  pages={167--182},
  year={2006},
  publisher={Springer}
}

@book{arfken1995mathematical,
	title={Mathematical methods for physicists},
	author={Arfken, George B. and Weber, Hans J. and Harris, Frank E.},
	year={1995},
	publisher={Academic Press}
}

@techreport{Weber2017,
	author      = {Marcus Weber},
	title       = {Eigenvalues of non-reversible Markov chains – A case study},
	institution = {ZIB},
	number      = {17-13},
	language    = {eng},
	year        = {2017}
}

@article{fackeldey2017,
	title={Molecular Kinetics for non-reversible Chemical Processes},
	author={Fackeldey, Konstantin and Weber, Marcus},
	year={2017},
	journal={Submitted for publication}
}

@article{schur1909characteristic,
	title={On the characteristic roots of a linear substitution with an application to the theory of integral equations},
	author={Schur, Issai},
	journal={Math. Ann},
	volume={66},
	pages={488--510},
	year={1909}
}

@article{schild2013,
	title={Electron Fluxes During Chemical Processes in the Electronic Ground State},
	author={Schild, Axel},
	year={2013},
	journal={Ph.D. thesis, Freie Universit{\"a}t Berlin}
}

@article{weber2017coherent,
	title={From Metastable to Coherent Sets - time-discretization schemes},
	author={Weber, Marcus and Schild, Axel and Rust, Henning and Fackeldey, Konstantin},
	year={2017},
	journal={In preparation}
}
